%% This BibTeX bibliography file was created using BibDesk.
%% http://bibdesk.sourceforge.net/

%% Created for Per at 2015-02-04 10:48:35 +0100 


%% Saved with string encoding Unicode (UTF-8)

%Varje gång ni hittar använder en referens så lägg in den som ett objekt här. Kopiera bara en tidigare och ändra informationen. Skriv också en kommentar om vad källan innehåller av värde så att man vet det när man behöver en referens. 



@article{MGtoRealMarket,
	Author = {D. Challet and A Chessa and M. Marsili and Y.-C. Zhang},
	Date-Added = {2015-02-04 09:32:33 +0000},
	Date-Modified = {2015-02-04 09:42:24 +0000},
	Journal = {Quantitative Finance},
	Number = {1},
	Pages = {168-176},
	Read = {0},
	Title = {From Minority Games to real markets},
	Volume = {1},
	Year = {2001}}
	
	
	
@article{AnomalousFluctuations,
	Author = {T. Galla, G. Mosetti, Y.-C. Zhang},
	Date-Added = {2015-02-04 09:32:33 +0000},
	Date-Modified = {2015-02-04 09:42:24 +0000},
	Journal = {Quantitative Finance},
	Number = {1},
	Pages = {},
	Read = {0},
	Title = {Anomalous fluctuations in Minority Games and related multi-agent models of financial markets},
	Volume = {1},
	Year = {2006}}

%Första svårlästa artikeln som Mats mailade. Den med den enklaste minoritetsspelet./Jakob
@article{FirstMinorityGame,
	Author = {R. Savit, R. Manuca, R Riolo},
	Date-Added = {2015-02-04 09:32:33 +0000},
	Date-Modified = {2015-02-04 09:42:24 +0000},
	Journal = {Quantitative Finance},
	Number = {10},
	Pages = {},
	Read = {0},
	Title = {Adaptive Competition, Market Efﬁciency, and Phase Transitions},
	Volume = {82},
	Year = {1999}}
	
%Artikel som styrker våra påståenden om neoklassisk ekonomisk teori/Jakob
@article{NeoClassicalEconomics,
	Author = {E. R. Weintraub},
	Date-Added = {2015-02-04 09:32:33 +0000},
	Date-Modified = {2015-02-04 09:42:24 +0000},
	Journal = {Journal of Economic Literature},
	Number = {},
	Pages = {},
	Read = {0},
	Title = {A Review of `Classical and Neoclassical Theories of General Equilibrium' by Walsh and Gram},
	Volume = {},
	Year = {1980}}


% Paper angående periodiska börskrascher  /Jakob
@article{MarketCrashes,
	Author = {D. Challet, M. Marsili, Y.-C. Zhang},
	Date-Added = {2015-02-04 16:32:33 +0000},
	Date-Modified = {2015-02-04 16:42:24 +0000},
	Journal = {Physica A},
	Number = {},
	Pages = {},
	Read = {0},
	Title = {Stylized facts of financial markets and market crashes in Minority Games},
	Volume = {},
	Year = {2008}}

% Mats artikel om periodicitet, här finns också teori om De Bruijn-grafer /Jakob
@article{Periodicity,
	Author = {G. Acostaa, I. Caridia, S. Gualab, J. Marencob},
	Date-Added = {2015-02-04 16:32:33 +0000},
	Date-Modified = {2015-02-04 16:42:24 +0000},
	Journal = {Physica A},
	Number = {392},
	Pages = {4450-4465},
	Read = {0},
	Title = {The quasi-periodicity of the minority game revisited},
	Volume = {},
	Year = {2013}}
	
	
%Analytisk analys med D. Challet. Klurig som fan men tar MG till stokastiska diff.-ekv./Jakob
@article{Analytical,
    author = {{Marsili}, M. and {Challet}, D.},
    title = "{Continuum time limit and stationary states of the minority game}",
    journal = {Okänd tidsskrift},
    keywords = {Decision theory and game theory, Fluctuation phenomena random processes noise and Brownian motion, Renormalization-group fractal and percolation studies of phase transitions, Other topics in areas of applied and interdisciplinary physics},
     year = 2001,
    month = nov,
   volume = 64,
   number = 5,
    pages = {056138},
      doi = {10.1103/PhysRevE.64.056138},
   adsurl = {http://adsabs.harvard.edu/abs/2001PhRvE..64e6138M}
}


%Paper som bevisar att man lika gärna kan slumpa historier. Mycket bra att kunna luta sig tillbaka mot/Jakob
@article{MemoryRelevance,
  title={Relevance of memory in minority games},
  author={Challet, Damien and Marsili, Matteo},
  journal={Physical Review E},
  volume={62},
  number={2},
  pages={1862},
  year={2000},
  publisher={APS}
}
